@article{adscnet,
	author={Jiawei Wang and Hongyun Xiong and Haibo Wang and Xiaohonh Nian},
	year={2020},
	title={{ADSCNet}: asymmetric depthwise separable convolution for semantic segmentation in real-time},
	journal={Applied Intelligence},
	pages={1045-1056},
	volume={50},
	number={4}
}
@article{squeezenet,
	title={SqueezeNet: AlexNet-level accuracy with 50x fewer parameters and <1MB model size},
	author={Forrest N. Iandola and Matthew W. Moskewicz and K. Ashraf and Song Han and W. Dally and K. Keutzer},
	journal={ArXiv},
	year={2017},
	volume={abs/1602.07360}
}
@article{yolo,
	title={YOLOv4: Optimal Speed and Accuracy of Object Detection},
	author={Alexey Bochkovskiy and Chien-Yao Wang and H. Liao},
	journal={ArXiv},
	year={2020},
	volume={abs/2004.10934}
}
@inproceedings{inception,
	title={Rethinking the inception architecture for computer vision},
	author={Szegedy, Christian and Vanhoucke, Vincent and Ioffe, Sergey and Shlens, Jon and Wojna, Zbigniew},
	booktitle={Proceedings of the IEEE conference on computer vision and pattern recognition},
	pages={2818--2826},
	year={2016}
}
@inproceedings{resnetv1,
	title={Deep residual learning for image recognition},
	author={He, Kaiming and Zhang, Xiangyu and Ren, Shaoqing and Sun, Jian},
	booktitle={Proceedings of the IEEE conference on computer vision and pattern recognition},
	pages={770--778},
	year={2016}
}
@inproceedings{resnetv2,
	title={Identity mappings in deep residual networks},
	author={He, Kaiming and Zhang, Xiangyu and Ren, Shaoqing and Sun, Jian},
	booktitle={European conference on computer vision},
	pages={630--645},
	year={2016},
	organization={Springer}
}
@article{vgg,
	title={Very deep convolutional networks for large-scale image recognition},
	author={Simonyan, Karen and Zisserman, Andrew},
	journal={arXiv preprint arXiv:1409.1556},
	year={2014}
}
@article{mobilenet,
	title={Mobilenets: Efficient convolutional neural networks for mobile vision applications},
	author={Howard, Andrew G and Zhu, Menglong and Chen, Bo and Kalenichenko, Dmitry and Wang, Weijun and Weyand, Tobias and Andreetto, Marco and Adam, Hartwig},
	journal={arXiv preprint arXiv:1704.04861},
	year={2017}
}
@inproceedings{xception,
	title={Xception: Deep learning with depthwise separable convolutions},
	author={Chollet, Fran{\c{c}}ois},
	booktitle={Proceedings of the IEEE conference on computer vision and pattern recognition},
	pages={1251--1258},
	year={2017}
}
@inproceedings{densenet,
	title={Densely connected convolutional networks},
	author={Huang, Gao and Liu, Zhuang and Van Der Maaten, Laurens and Weinberger, Kilian Q},
	booktitle={Proceedings of the IEEE conference on computer vision and pattern recognition},
	pages={4700--4708},
	year={2017}
}